Untuk setiap referensi, baris pertama (Newton1687) merupakan label dan baris-baris berikutnya
merupakan atribut dari referensi yang akan digunakan. Umumnya, format referensi berikut sudah
disediakan oleh penyedia sumber referensi secara online dan bisa langsung digunakan di sini.

Lihat https://www.bibtex.com/g/bibtex-format/ untuk informasi lebih lanjut mengenai format
BibTex yang digunakan pada file ini.

@article{Newton1687,
  author={I. {Newton}},
  journal={Philosophi√¶ Naturalis Principia Mathematica},
  title={Axioms or Laws of Motion},
  year={1687}}

@article{Umam2016,
  author={K. {Umam} and B. S. {Negara}},
  journal={Jurnal Hasil Penelitian Ilmu Komputer dan Teknologi Informasi},
  title={Deteksi obyek manusia pada basis data video menggunakan metode background subtraction dan operasi morfologi},
  year={2016}}

@misc{DiscoverySpaceShuttle,
  title={Pesawat Ruang Angkasa Discovery},
  year=2021,
  url={https://airandspace.si.edu/explore-and-learn/topics/discovery/about.cfm},
  urldate={2021-02-03}}

@article{Facenet2015,
   title={FaceNet: A unified embedding for face recognition and clustering},
   url={http://dx.doi.org/10.1109/CVPR.2015.7298682},
   DOI={10.1109/cvpr.2015.7298682},
   journal={2015 IEEE Conference on Computer Vision and Pattern Recognition (CVPR)},
   publisher={IEEE},
   author={Schroff, Florian and Kalenichenko, Dmitry and Philbin, James},
   year={2015},
   month={Jun}
}

@INPROCEEDINGS{CNN2017,  author={Albawi, Saad and Mohammed, Tareq Abed and Al-Zawi, Saad},  booktitle={2017 International Conference on Engineering and Technology (ICET)},   title={Understanding of a convolutional neural network},   year={2017},  volume={},  number={},  pages={1-6},  doi={10.1109/ICEngTechnol.2017.8308186}}

@article{IJAIR42,
	author = {Victor Wiley and Thomas Lucas},
	title = {Computer Vision and Image Processing: A Paper  Review},
	journal = {International Journal of Artificial Intelligence Research},
	volume = {2},
	number = {1},
	year = {2018},
	keywords = {computer vision  image processing  digital image},
	abstract = {Computer vision has been studied from many persective. It expands from raw data recording into techniques and ideas combining digital image processing, pattern recognition, machine learning and computer graphics. The wide usage has attracted many scholars to integrate with many disciplines and fields. This paper provide a survey of the recent technologies and theoretical concept explaining the development of computer vision especially related to image processing using different areas of their field application. Computer vision helps scholars to analyze images and video to obtain necessary information,    understand information on events or descriptions, and scenic pattern. It used method of multi-range application domain with massive data analysis. This paper provides contribution of recent development on reviews related to computer vision, image processing, and their related studies. We categorized the computer vision mainstream into four group e.g., image processing, object recognition, and machine learning. We also provide brief explanation on the up-to-date information about the techniques and their performance.},
	issn = {2579-7298},	pages = {29--36},	doi = {10.29099/ijair.v2i1.42},
	url = {http://ijair.id/index.php/ijair/article/view/42}
}

@article{DBLP:journals/corr/ZhangBHRV16,
  author    = {Chiyuan Zhang and
               Samy Bengio and
               Moritz Hardt and
               Benjamin Recht and
               Oriol Vinyals},
  title     = {Understanding deep learning requires rethinking generalization},
  journal   = {CoRR},
  volume    = {abs/1611.03530},
  year      = {2016},
  url       = {http://arxiv.org/abs/1611.03530},
  eprinttype = {arXiv},
  eprint    = {1611.03530},
  timestamp = {Mon, 13 Aug 2018 16:47:02 +0200},
  biburl    = {https://dblp.org/rec/journals/corr/ZhangBHRV16.bib},
  bibsource = {dblp computer science bibliography, https://dblp.org}
}

@book{shalev-shwartz_ben-david_2014, place={Cambridge}, title={Understanding Machine Learning: From Theory to Algorithms}, DOI={10.1017/CBO9781107298019}, publisher={Cambridge University Press}, author={Shalev-Shwartz, Shai and Ben-David, Shai}, year={2014}}